<record><leader>00000cas a22000007a 4500</leader><controlfield tag="001">16959242</controlfield><controlfield tag="008">871110d18941954ohuwr ne      0    0eng d</controlfield><datafield ind1=" " ind2=" " tag="010"><subfield code="a">sn 87076837 </subfield></datafield><datafield ind1=" " ind2=" " tag="040"><subfield code="a">ONP</subfield><subfield code="b">eng</subfield><subfield code="c">ONP</subfield><subfield code="d">OCLCQ</subfield></datafield><datafield ind1=" " ind2=" " tag="042"><subfield code="a">msc</subfield></datafield><datafield ind1="0" ind2="0" tag="245"><subfield code="a">Bradner advocate.</subfield></datafield><datafield ind1=" " ind2=" " tag="260"><subfield code="a">Bradner, Ohio :</subfield><subfield code="b">H.L. Hodges,</subfield><subfield code="c">1894-1954.</subfield></datafield><datafield ind1=" " ind2=" " tag="310"><subfield code="a">Weekly</subfield></datafield><datafield ind1="0" ind2=" " tag="362"><subfield code="a">Vol. 1, no. 1 (Oct. 10, 1894)-60th year, no. 33 (Sept. 30, 1954).</subfield></datafield><datafield ind1=" " ind2=" " tag="752"><subfield code="a">United States</subfield><subfield code="b">Ohio</subfield><subfield code="c">Wood</subfield><subfield code="d">Bradner.</subfield></datafield><datafield ind1="0" ind2="7" tag="785"><subfield code="t">Wayne observer</subfield><subfield code="w">(DLC)sn 87076850</subfield></datafield><datafield ind1="0" ind2="7" tag="785"><subfield code="t">Observer-advocate</subfield><subfield code="w">(DLC)sn 87076851</subfield></datafield></record>